@misc{barr1989handbook,
  title={The handbook of Artificial Intelligence, volume IV},
  author={Barr, Avron and Cohen, Paul R and Feigenbaum, Edward A},
  year={1989},
  publisher={Addison-Wesley, Reading, MA}
}
