@article{mccauley2007,
author = {McCauley, Lee},
year = {2007},
month = {07},
pages = {153-164},
title = {AI Armageddon and the Three Laws of Robotics},
volume = {9},
journal = {Ethics and Information Technology},
doi = {10.1007/s10676-007-9138-2}
}

@Inbook{mataric2007,
author="Mataric, Maja J",
title="The Robotics Primer ",
year="2007",
publisher="MIT Press",
isbn="9780262633543",
}

@article{hornung13auro,
  author = {Armin Hornung and Kai M. Wurm and Maren Bennewitz and Cyrill
  Stachniss and Wolfram Burgard},
  title = {{OctoMap}: An Efficient Probabilistic {3D} Mapping Framework Based
  on Octrees},
  journal = {Autonomous Robots},
  year = 2013,
  url = {http://octomap.github.com},
  doi = {10.1007/s10514-012-9321-0},
  note = {Software available at \url{http://octomap.github.com}}
}