@inproceedings{ros2009,
author = {Quigley, Morgan and Conley, Ken and P Gerkey, Brian and Faust, Josh and Foote, Tully and Leibs, Jeremy and Wheeler, Rob and Y Ng, Andrew},
year = {2009},
month = {01},
pages = {},
title = {ROS: an open-source Robot Operating System},
volume = {3},
journal = {ICRA Workshop on Open Source Software}
}

@INPROCEEDINGS{2012simpar_meyer,
  author = {Johannes Meyer and Alexander Sendobry and Stefan Kohlbrecher and Uwe Klingauf and Oskar von Stryk},
  title = {Comprehensive Simulation of Quadrotor UAVs using ROS and Gazebo},
  year = {2012},
  pages = {to appear},
  booktitle = {3rd Int. Conf. on Simulation, Modeling and Programming for Autonomous Robots (SIMPAR)},
}

@ARTICLE{6377468,
author={I. A. {Sucan} and M. {Moll} and L. E. {Kavraki}},
journal={IEEE Robotics Automation Magazine},
title={The Open Motion Planning Library},
year={2012},
volume={19},
number={4},
pages={72-82},
keywords={control engineering computing;graphical user interfaces;libraries;operating systems (computers);path planning;robots;open motion planning library;OMPL;sampling-based motion planning;graphical user interface;GUI;robot operating system;ROS},
doi={10.1109/MRA.2012.2205651},
ISSN={1070-9932},
month={Dec},}


@article{DBLP:journals/corr/abs-1105-1186,
  author    = {Sertac Karaman and
               Emilio Frazzoli},
  title     = {Sampling-based Algorithms for Optimal Motion Planning},
  journal   = {CoRR},
  volume    = {abs/1105.1186},
  year      = {2011},
  url       = {http://arxiv.org/abs/1105.1186},
  archivePrefix = {arXiv},
  eprint    = {1105.1186},
  timestamp = {Mon, 13 Aug 2018 16:49:16 +0200},
  biburl    = {https://dblp.org/rec/bib/journals/corr/abs-1105-1186},
  bibsource = {dblp computer science bibliography, https://dblp.org}
}

@article{lavalle1999,
author = {M. Lavalle, Steven},
year = {1999},
month = {05},
pages = {},
title = {Rapidly-Exploring Random Trees: A New Tool for Path Planning}
}