@ARTICLE{6459608,
author={M. {Labb√©} and F. {Michaud}},
journal={IEEE Transactions on Robotics},
title={Appearance-Based Loop Closure Detection for Online Large-Scale and Long-Term Operation},
year={2013},
volume={29},
number={3},
pages={734-745},
keywords={computer games;control engineering computing;Internet;mobile robots;robot vision;storage management;Need for Speed: Most Wanted;racing video game;virtual images;LTM;long-term memory;WM;working memory;real-time constraints;memory management method;appearance-based localization;online long-term operation;online large-scale operation;appearance-based loop closure detection;Vocabulary;Feature extraction;Robots;Memory management;Real-time systems;Bayesian methods;Visualization;Appearance-based localization and mapping;bag-of-words approach;dynamic Bayes filtering;place recognition},
doi={10.1109/TRO.2013.2242375},
ISSN={1552-3098},
month={June},}
